<?xml version="1.0" encoding="UTF-8"?><record xmlns="http://www.loc.gov/MARC21/slim" xmlns:cinclude="http://apache.org/cocoon/include/1.0" xmlns:zs="http://www.loc.gov/zing/srw/">
  <leader>00780nz  a2200157n  4500</leader>
  <controlfield tag="001">nb2007025472</controlfield>
  <controlfield tag="003">DLC</controlfield>
  <controlfield tag="005">20071109075124.0</controlfield>
  <controlfield tag="008">071107n| acannaabn          |a ana      </controlfield>
  <datafield tag="010" ind1=" " ind2=" ">
    <subfield code="a">nb2007025472</subfield>
  </datafield>
  <datafield tag="035" ind1=" " ind2=" ">
    <subfield code="a">(Uk)006956963</subfield>
  </datafield>
  <datafield tag="040" ind1=" " ind2=" ">
    <subfield code="a">Uk</subfield>
    <subfield code="b">eng</subfield>
    <subfield code="c">Uk</subfield>
  </datafield>
  <datafield tag="110" ind1="1" ind2=" ">
    <subfield code="a">Ceylon.</subfield>
    <subfield code="b">Army.</subfield>
    <subfield code="b">Ceylon Mounted Infantry Contingent</subfield>
  </datafield>
  <datafield tag="410" ind1="1" ind2=" ">
    <subfield code="a">Ceylon.</subfield>
    <subfield code="b">Army.</subfield>
    <subfield code="b">Ceylon Light Infantry Volunteers.</subfield>
    <subfield code="b">Ceylon Mounted Infantry</subfield>
  </datafield>
  <datafield tag="670" ind1=" " ind2=" ">
    <subfield code="a">The Ceylon Mounted Infantry Contingent, 1904</subfield>
  </datafield>
  <datafield tag="670" ind1=" " ind2=" ">
    <subfield code="a">Regiments.org website, 7 Nov. 2007, Ceylon Light Infantry page</subfield>
    <subfield code="b">(1881 Ceylon Light Infantry Volunteers; 1887 mounted coy formed as Ceylon Mounted Infantry; 1910 The Ceylon Light Infantry; 1950 2nd (Volunteer) Battalion, The Ceylon Light Infantry; 1972 2nd (Volunteer) Battalion, The Sri Lanka Light Infantry)</subfield>
  </datafield>
</record>